@inproceedings{rennie2003tackling,
  title={Tackling the poor assumptions of naive bayes text classifiers},
  author={Rennie, J.D. and Shih, L. and Teevan, J. and Karger, D. and others},
  booktitle={MACHINE LEARNING-INTERNATIONAL WORKSHOP THEN CONFERENCE-},
  volume={20},
  number={2},
  pages={616},
  year={2003}
},

@article{wilson2009recognizing,
  title={Recognizing contextual polarity: An exploration of features for phrase-level sentiment analysis},
  author={Wilson, T. and Wiebe, J. and Hoffmann, P.},
  journal={Computational linguistics},
  volume={35},
  number={3},
  pages={399--433},
  year={2009},
  publisher={MIT Press}
},

@ONLINE{scipy,
author = {Scientific Python},
title = {Spatial Distance Correlation \\ \textsc{Url}: http://docs.scipy.org/doc/scipy/reference/generated\\/scipy.spatial.distance.correlation.html?highlight=correlation\#scipy.spatial.distance.correlation}
}
